@misc{ims_annals_statistics,
  title = {Annals of Statistics - Institute of Mathematical Statistics},
  year  = {2025},
  note  = {IMS official site reviewed},
  url   = {https://imstat.org/journals-and-publications/annals-of-statistics/}
}

@misc{scimago_ai_journal,
  title  = {Artificial Intelligence journal details},
  author = {SCImago Journal Rank},
  year   = {2025},
  note   = {Accessed: 2025},
  url    = {https://www.scimagojr.com/journalsearch.php?q=23675&tip=sid}
}

@misc{oup_biometrika,
  title = {Biometrika - Oxford University Press},
  year  = {2025},
  note  = {OUP journal homepage reviewed},
  url   = {https://academic.oup.com/biomet}
}

@misc{scimago_global_ai,
  title  = {Computer Science Artificial Intelligence},
  author = {SCImago Journal Rank},
  year   = {2025},
  note   = {Accessed: 2025},
  url    = {https://www.scimagojr.com/journalrank.php?category=1702}
}

@misc{scimago_ai_totalrefs,
  title  = {Computer Science Artificial Intelligence (Ordered by Total Refs)},
  author = {SCImago Journal Rank},
  year   = {2025},
  note   = {Accessed: 2025},
  url    = {https://www.scimagojr.com/journalrank.php?category=1702&order=tr&ord=desc}
}

@misc{scimago_sg_ai,
  title  = {Computer Science Artificial Intelligence (SG subset)},
  author = {SCImago Journal Rank},
  year   = {2025},
  note   = {Accessed: 2025},
  url    = {https://www.scimagojr.com/journalrank.php?area=1700&country=SG&category=1702}
}

@misc{scimago_us_ai,
  title  = {Computer Science Artificial Intelligence (US subset)},
  author = {SCImago Journal Rank},
  year   = {2025},
  note   = {Accessed: 2025},
  url    = {https://www.scimagojr.com/journalrank.php?category=1702&area=1700&country=US}
}

@misc{elsevier_caeai,
  title = {Computers and Education: Artificial Intelligence - Elsevier},
  year  = {2025},
  note  = {Elsevier journal homepage reviewed},
  url   = {https://www.journals.elsevier.com/computers-and-education-artificial-intelligence}
}

@misc{scimago_computers_ed_ai,
  title  = {Computers and Education: Artificial Intelligence journal details},
  author = {SCImago Journal Rank},
  year   = {2025},
  note   = {Accessed: 2025},
  url    = {https://www.scimagojr.com/journalsearch.php?q=21101074919&tip=sid&clean=0}
}

@misc{journalsinsights_ds,
  title  = {Data Science and Management Impact Factor, Indexing, Ranking, Quartile, Abbreviation 2025},
  author = {Journals Insights},
  year   = {2025},
  note   = {Accessed: 2025},
  url    = {https://journalsinsights.com/journals/data-science-and-management}
}

@misc{tandfonline_ds,
  title  = {Data Science in Science: About this journal},
  author = {Taylor \& Francis Online},
  year   = {2025},
  note   = {Accessed: 2025},
  url    = {https://www.tandfonline.com/journals/udss20/about-this-journal}
}

@misc{scimago_decision_global,
  title  = {Decision Sciences},
  author = {SCImago Journal Rank},
  year   = {2025},
  note   = {Accessed: 2025},
  url    = {https://www.scimagojr.com/journalrank.php?area=1800}
}

@misc{scimago_decision_misc,
  title  = {Decision Sciences (miscellaneous)},
  author = {SCImago Journal Rank},
  year   = {2025},
  note   = {Accessed: 2025},
  url    = {https://www.scimagojr.com/journalrank.php?category=1801}
}

@misc{scimago_decision_na,
  title  = {Decision Sciences (miscellaneous) (Northern America subset)},
  author = {SCImago Journal Rank},
  year   = {2025},
  note   = {Accessed: 2025},
  url    = {https://www.scimagojr.com/journalrank.php?category=1801&area=1800&country=Northern%20America}
}

@misc{scimago_decision_books,
  title  = {Decision Sciences Book Series (US subset)},
  author = {SCImago Journal Rank},
  year   = {2025},
  note   = {Accessed: 2025},
  url    = {https://www.scimagojr.com/journalrank.php?area=1800&type=k&country=US}
}

@misc{scimago_decision_details,
  title  = {Decision Sciences journal details},
  author = {SCImago Journal Rank},
  year   = {2025},
  note   = {Accessed: 2025},
  url    = {https://www.scimagojr.com/journalsearch.php?q=21926&tip=sid}
}

@misc{scirev_ejis,
  title = {European Journal of Information Systems - SciRev Entry},
  year  = {2025},
  note  = {Timeline data from SciRev},
  url   = {https://www.scirev.org/review/european-journal-of-information-systems/}
}

@misc{now_publishers_ml,
  title = {Foundations and Trends in Machine Learning - Now Publishers},
  year  = {2025},
  note  = {Official website consulted for publication timelines},
  url   = {https://www.nowpublishers.com/ml}
}

@misc{scimago_homepage,
  title  = {Homepage},
  author = {SCImago Journal Rank},
  year   = {2025},
  note   = {Accessed: 2025},
  url    = {https://www.scimagojr.com/journalrank.php}
}

@misc{aupresses,
  title  = {Homepage},
  author = {Association of University Presses},
  year   = {2025},
  note   = {Accessed: 2025},
  url    = {https://aupresses.org/}
}

@misc{updesign,
  title  = {Homepage},
  author = {University Press Design},
  year   = {2025},
  note   = {Accessed: 2025},
  url    = {https://design.up.hcommons.org/}
}

@misc{ieee_fuzzy,
  title = {IEEE Transactions on Fuzzy Systems},
  year  = {2025},
  note  = {IEEE journal homepage reviewed},
  url   = {https://ieeexplore.ieee.org/xpl/RecentIssue.jsp?punumber=91}
}

@misc{ieee_tnnls,
  title = {IEEE Transactions on Neural Networks and Learning Systems},
  year  = {2025},
  note  = {IEEE journal homepage reviewed},
  url   = {https://ieeexplore.ieee.org/xpl/RecentIssue.jsp?punumber=5962385}
}

@misc{ieee_tpami,
  title = {IEEE Transactions on Pattern Analysis and Machine Intelligence},
  year  = {2025},
  note  = {IEEE official site reviewed},
  url   = {https://ieeexplore.ieee.org/xpl/RecentIssue.jsp?punumber=34}
}

@misc{ieee_automatica,
  title = {IEEE/CAA Journal of Automatica Sinica},
  year  = {2025},
  note  = {Journal official site reviewed},
  url   = {https://ieeexplore.ieee.org/xpl/RecentIssue.jsp?punumber=6570654}
}

@misc{scipub_decision_if,
  title  = {Impact Factor of Decision Sciences},
  author = {SCIPublications},
  year   = {2025},
  note   = {Accessed: 2025},
  url    = {https://www.scipublications.org/report/impact-factor-of-Decision-Sciences.html}
}

@misc{scimago_info_systems,
  title  = {Information Systems},
  author = {SCImago Journal Rank},
  year   = {2025},
  note   = {Accessed: 2025},
  url    = {https://www.scimagojr.com/journalrank.php?category=1710}
}

@misc{scimago_info_sys_mgmt,
  title  = {Information Systems and Management},
  author = {SCImago Journal Rank},
  year   = {2025},
  note   = {Accessed: 2025},
  url    = {https://www.scimagojr.com/journalrank.php?category=1404}
}

@misc{scimago_info_systems_journal,
  title  = {Information Systems journal details},
  author = {SCImago Journal Rank},
  year   = {2025},
  note   = {Accessed: 2025},
  url    = {https://www.scimagojr.com/journalsearch.php?q=12305&tip=sid}
}

@misc{informs_isr,
  title = {Information Systems Research - INFORMS},
  year  = {2025},
  note  = {INFORMS journal homepage reviewed},
  url   = {https://pubsonline.informs.org/journal/isre}
}

@misc{scimago_isr,
  title  = {Information Systems Research journal details},
  author = {SCImago Journal Rank},
  year   = {2025},
  note   = {Accessed: 2025},
  url    = {https://www.scimagojr.com/journalsearch.php?q=15574&tip=sid&clean=0}
}

@misc{elsevier_ijim,
  title = {International Journal of Information Management - Elsevier},
  year  = {2025},
  note  = {Elsevier journal homepage reviewed},
  url   = {https://www.journals.elsevier.com/international-journal-of-information-management}
}

@misc{scimago_intl_decision,
  title  = {International Journal of Information Technology and Decision Making journal details},
  author = {SCImago Journal Rank},
  year   = {2025},
  note   = {Accessed: 2025},
  url    = {https://www.scimagojr.com/journalsearch.php?q=21100285029&tip=sid}
}

@misc{bright_ds,
  title  = {Journal of Applied Data Sciences},
  author = {Bright Journal},
  year   = {2025},
  note   = {Accessed: 2025},
  url    = {https://bright-journal.org/Journal/index.php/JADS/index}
}

@misc{researchcom_ds,
  title  = {Journal of Data Science},
  author = {Research.com},
  year   = {2025},
  note   = {Accessed: 2025},
  url    = {https://research.com/journal/journal-of-data-science}
}

@misc{scimago_global_info_mgmt,
  title  = {Journal of Global Information Management journal details},
  author = {SCImago Journal Rank},
  year   = {2025},
  note   = {Accessed: 2025},
  url    = {https://www.scimagojr.com/journalsearch.php?q=15572&tip=sid}
}

@misc{scimago_jit,
  title  = {Journal of Information Technology journal details},
  author = {SCImago Journal Rank},
  year   = {2025},
  note   = {Accessed: 2025},
  url    = {https://www.scimagojr.com/journalsearch.php?q=15442&tip=sid&clean=0}
}

@misc{taylor_franics_jmis,
  title = {Journal of Management Information Systems - Taylor & Francis},
  year  = {2025},
  note  = {T&F journal homepage reviewed},
  url   = {https://www.tandfonline.com/toc/mmis20/current}
}

@misc{jss_software,
  title = {Journal of Statistical Software},
  year  = {2025},
  note  = {JSS official homepage reviewed},
  url   = {https://www.jstatsoft.org/}
}

@misc{scirev_jasa,
  title = {Journal of the American Statistical Association - SciRev Entry},
  year  = {2025},
  note  = {Timeline data from SciRev},
  url   = {https://www.scirev.org/review/journal-of-the-american-statistical-association/}
}

@misc{wiley_jrssb,
  title = {Journal of the Royal Statistical Society: Series B (Statistical Methodology)},
  year  = {2025},
  note  = {Wiley journal homepage reviewed},
  url   = {https://rss.onlinelibrary.wiley.com/journal/14679868}
}

@misc{ooir_ai,
  title  = {Journal Rankings: Computer Science, Artificial Intelligence},
  author = {OOIIR},
  year   = {2025},
  note   = {Accessed: 2025},
  url    = {https://ooir.org/journals.php?field=Mathematics&category=Computer+Science%2C+Artificial+Intelligence}
}

@misc{ooir_stats_prob,
  title  = {Journal Rankings: Statistics \& Probability (by JIF)},
  author = {OOIIR},
  year   = {2025},
  note   = {Accessed: 2025},
  url    = {https://ooir.org/journals.php?field=Mathematics&category=Statistics+%26+Probability&metric=jif}
}

@misc{wikipedia_university_presses,
  title  = {List of university presses},
  author = {Wikipedia},
  year   = {2025},
  note   = {Accessed: 2025},
  url    = {https://en.wikipedia.org/wiki/List_of_university_presses}
}

@misc{scimago_mis,
  title  = {Management Information Systems},
  author = {SCImago Journal Rank},
  year   = {2025},
  note   = {Accessed: 2025},
  url    = {https://www.scimagojr.com/journalrank.php?category=1802}
}

@misc{informs_management_science,
  title = {Management Science - INFORMS},
  year  = {2025},
  note  = {INFORMS journal homepage reviewed},
  url   = {https://pubsonline.informs.org/journal/mnsc}
}

@misc{misq_mis_research,
  title = {MIS Quarterly - MIS Research Center},
  year  = {2025},
  note  = {MISQ journal homepage reviewed},
  url   = {https://misq.umn.edu/}
}

@misc{nature_machine_intelligence,
  title = {Nature Machine Intelligence - Journal Metrics},
  year  = {2025},
  note  = {Nature Metrics page consulted},
  url   = {https://www.nature.com/natmachintell/about}
}

@misc{oxford_oup,
  title  = {Oxford Academic Journals},
  author = {Oxford University Press},
  year   = {2025},
  note   = {Accessed: 2025},
  url    = {https://academic.oup.com/journals}
}

@misc{scimago_physicaa,
  title  = {Physica A: Statistical Mechanics and its Applications journal details},
  author = {SCImago Journal Rank},
  year   = {2025},
  note   = {Accessed: 2025},
  url    = {https://www.scimagojr.com/journalsearch.php?q=21100898973&tip=sid&clean=0}
}

@misc{wiley_poms,
  title = {Production and Operations Management - Wiley},
  year  = {2025},
  note  = {Wiley journal homepage reviewed},
  url   = {https://onlinelibrary.wiley.com/journal/19375956}
}

@misc{apa_publishers,
  title  = {Publishers},
  author = {American Philosophical Association},
  year   = {2025},
  note   = {Accessed: 2025},
  url    = {https://www.apaonline.org/general/recommended_links.asp?cc=33104}
}

@misc{reddit_ds,
  title  = {r/datascience: Any good academic journals you keep up with?},
  author = {Reddit},
  year   = {2025},
  note   = {Accessed: 2025},
  url    = {https://www.reddit.com/r/datascience/comments/c9m66a/any_good_academic_journals_you_keep_up_with/}
}

@misc{aaas_science_robotics,
  title = {Science Robotics - AAAS},
  year  = {2025},
  note  = {Science Robotics official site reviewed},
  url   = {https://www.science.org/journal/srobotics}
}

@misc{scimago_stats_prob,
  title  = {Statistics and Probability},
  author = {SCImago Journal Rank},
  year   = {2025},
  note   = {Accessed: 2025},
  url    = {https://www.scimagojr.com/journalrank.php?category=2613}
}

@misc{scimago_statistics_journal,
  title  = {Statistics journal details},
  author = {SCImago Journal Rank},
  year   = {2025},
  note   = {Accessed: 2025},
  url    = {https://www.scimagojr.com/journalsearch.php?q=14785&tip=sid&clean=0}
}

@misc{scimago_stats_uncertainty,
  title  = {Statistics, Probability and Uncertainty},
  author = {SCImago Journal Rank},
  year   = {2025},
  note   = {Accessed: 2025},
  url    = {https://www.scimagojr.com/journalrank.php?category=1804}
}

@misc{scimago_stats_uncertainty_refs,
  title  = {Statistics, Probability and Uncertainty (Ordered by Total Refs)},
  author = {SCImago Journal Rank},
  year   = {2025},
  note   = {Accessed: 2025},
  url    = {https://www.scimagojr.com/journalrank.php?category=1804&order=tr&ord=desc}
}

@misc{stm_members,
  title  = {STM Members},
  author = {STM Association},
  year   = {2025},
  note   = {Accessed: 2025},
  url    = {https://stm-assoc.org/who-we-are/stm-members/}
}
